<?xml version="1.0" encoding="UTF-8"?><collection xmlns="http://www.loc.gov/MARC21/slim"><record><leader>00335nam--2200121-i-4500</leader><controlfield tag="001">000039074</controlfield><controlfield tag="002">20161230</controlfield><controlfield tag="005">20161230201042</controlfield><controlfield tag="008">060222s1000------------r-----000-0-eng-d</controlfield><datafield ind1=" " ind2=" " tag="100"><subfield code="a">Reznitki, L.M</subfield></datafield><datafield ind1=" " ind2=" " tag="245"><subfield code="a">Prelucrarea prin aschiere a otelurilor calite. trad.din l.rusa</subfield></datafield><datafield ind1=" " ind2=" " tag="260"><subfield code="a">Bucuresti, I.D.T., 1959, 335p., 190 Fig</subfield></datafield><datafield ind1=" " ind2=" " tag="852"><subfield code="a">6168</subfield></datafield></record></collection>